@article{schroeck2012analytics,
	title={Analytics: The real-world use of big data},
	author={Schroeck, Michael and Shockley, Rebecca and Smart, Janet and Romero-Morales, Dolores and Tufano, Peter},
	journal={IBM Institute for Business Valueâ€”executive report, IBM Institute for Business Value},
	year={2012}
}

@article{lindstrom2006fast,
	title={Fast and efficient compression of floating-point data},
	author={Lindstrom, Peter and Isenburg, Martin},
	journal={Visualization and Computer Graphics, IEEE Transactions on},
	volume={12},
	number={5},
	pages={1245--1250},
	year={2006},
	publisher={IEEE}
}

@article{elmqvist2008rolling,
	title={Rolling the dice: Multidimensional visual exploration using scatterplot matrix navigation},
	author={Elmqvist, Niklas and Dragicevic, Pierre and Fekete, Jean-Daniel},
	journal={Visualization and Computer Graphics, IEEE Transactions on},
	volume={14},
	number={6},
	pages={1539--1148},
	year={2008},
	publisher={IEEE}
}

@inproceedings{roberts2007state,
	title={State of the art: Coordinated \& multiple views in exploratory visualization},
	author={Roberts, Jonathan C},
	booktitle={Coordinated and Multiple Views in Exploratory Visualization, 2007. CMV'07. Fifth International Conference on},
	pages={61--71},
	year={2007},
	organization={IEEE}
}

@article{farber2012sap,
	title={The SAP HANA Database--An Architecture Overview.},
	author={F{\"a}rber, Franz and May, Norman and Lehner, Wolfgang and Gro{\ss}e, Philipp and M{\"u}ller, Ingo and Rauhe, Hannes and Dees, Jonathan},
	journal={IEEE Data Eng. Bull.},
	volume={35},
	number={1},
	pages={28--33},
	year={2012}
}

@article{melnik2010dremel,
	title={Dremel: interactive analysis of web-scale datasets},
	author={Melnik, Sergey and Gubarev, Andrey and Long, Jing Jing and Romer, Geoffrey and Shivakumar, Shiva and Tolton, Matt and Vassilakis, Theo},
	journal={Proceedings of the VLDB Endowment},
	volume={3},
	number={1-2},
	pages={330--339},
	year={2010},
	publisher={VLDB Endowment}
}

@inproceedings{herodotou,
	title={Starfish: A Self-tuning System for Big Data Analytics.},
	author={Herodotou, Herodotos and Lim, Harold and Luo, Gang and Borisov, Nedyalko and Dong, Liang and Cetin, Fatma Bilgen and Babu, Shivnath},
	booktitle={CIDR},
	volume={11},
	pages={261--272},
	year={2011}
}

@article{Chen:2012,
	author = {Chen, Yanpei and Alspaugh, Sara and Katz, Randy},
	title = {Interactive Analytical Processing in Big Data Systems: A Cross-industry Study of MapReduce Workloads},
	journal = {Proc. VLDB Endow.},
	issue_date = {August 2012},
	volume = {5},
	number = {12},
	month = aug,
	year = {2012},
	issn = {2150-8097},
	pages = {1802--1813},
	numpages = {12},
	url = {http://dx.doi.org/10.14778/2367502.2367519},
	doi = {10.14778/2367502.2367519},
	acmid = {2367519},
	publisher = {VLDB Endowment},
} 


@article{wong2012top,
	title={The top 10 challenges in extreme-scale visual analytics},
	author={Wong, Pak Chung and Shen, Han-Wei and Johnson, Christopher R and Chen, Chaomei and Ross, Robert B},
	journal={IEEE computer graphics and applications},
	volume={32},
	number={4},
	pages={63},
	year={2012},
	publisher={NIH Public Access}
}

@inproceedings{ma2007situ,
	title={In-situ processing and visualization for ultrascale simulations},
	author={Ma, Kwan-Liu and Wang, Chaoli and Yu, Hongfeng and Tikhonova, Anna},
	booktitle={Journal of Physics: Conference Series},
	volume={78},
	number={1},
	pages={012043},
	year={2007},
	organization={IOP Publishing}
}

@article{Peng:2012,
	author = {Peng, Chao and Cao, Yong},
	title = {A GPU-based Approach for Massive Model Rendering with Frame-to-Frame Coherence},
	journal = {Comp. Graph. Forum},
	issue_date = {May 2012},
	volume = {31},
	number = {2pt2},
	month = may,
	year = {2012},
	issn = {0167-7055},
	pages = {393--402},
	numpages = {10},
	url = {http://dx.doi.org/10.1111/j.1467-8659.2012.03018.x},
	doi = {10.1111/j.1467-8659.2012.03018.x},
	acmid = {2318898},
	publisher = {John Wiley \& Sons, Inc.},
	address = {New York, NY, USA}
} 


@article{ tab,
	title = {Tableau software http://www.tableau.com/},
	 
}

@article{ qlikview,
	title = {QlikView software http://www.qlik.com/},
 
}

@article{ spotfire,
	title = {SpotFire software http://spotfire.tibco.com/},
	 
}

@article{ jmp,
	title = {JMP software http://www.jmp.com/},
 
}

@INPROCEEDINGS{Boncz05monetdb,
	author = {Peter Boncz and Marcin Zukowski and Niels Nes},
	title = {MonetDB/X100: Hyper-pipelining query execution},
	booktitle = {In CIDR},
	year = {2005}
}

@MISC{Stolte02,
	author = {Chris Stolte and Diane Tang and Pat Hanrahan},
	title = {Multiscale Visualization Using Data Cubes},
	year = {2002}
}

@article{jugel2014m4,
	title={M4: A Visualization-Oriented Time Series Data Aggregation},
	author={Jugel, Uwe and Jerzak, Zbigniew and Hackenbroich, Gregor and Markl, Volker},
	journal={Proceedings of the VLDB Endowment},
	volume={7},
	number={10},
	pages={797--808},
	year={2014},
	publisher={VLDB Endowment}
}



@inproceedings{Agarwal,
	author = {Agarwal, Sameer and Mozafari, Barzan and Panda, Aurojit and Milner, Henry and Madden, Samuel and Stoica, Ion},
	title = {BlinkDB: Queries with Bounded Errors and Bounded Response Times on Very Large Data},
	booktitle = {Proceedings of the 8th ACM European Conference on Computer Systems},
	series = {EuroSys '13},
	year = {2013},
	isbn = {978-1-4503-1994-2},
	location = {Prague, Czech Republic},
	pages = {29--42},
	numpages = {14},
	url = {http://doi.acm.org/10.1145/2465351.2465355},
	doi = {10.1145/2465351.2465355},
	acmid = {2465355},
	publisher = {ACM},
	address = {New York, NY, USA},
} 

@article{Lins2013,
	author = {Lins, Lauro and Klosowski, James T. and Scheidegger, Carlos},
	issn = {10772626},
	journal = {IEEE Transactions on Visualization and Computer Graphics},
	keywords = {Data cube,data structures,interactive exploration},
	number = {12},
	pages = {2456--2465},
	pmid = {24051812},
	title = {{Nanocubes for real-time exploration of spatiotemporal datasets}},
	volume = {19},
	year = {2013}
}

@inproceedings{FisherCHI2012,
	author = {Fisher, Danyel and Popov, Igor and Drucker, Steven and schraefel, m.c.},
	title = {Trust Me, I'M Partially Right: Incremental Visualization Lets Analysts Explore Large Datasets Faster},
	booktitle = {Proceedings of the SIGCHI Conference on Human Factors in Computing Systems},
	series = {CHI '12},
	year = {2012},
	isbn = {978-1-4503-1015-4},
	location = {Austin, Texas, USA},
	pages = {1673--1682},
	numpages = {10},
	url = {http://doi.acm.org/10.1145/2207676.2208294},
	doi = {10.1145/2207676.2208294},
	acmid = {2208294},
	publisher = {ACM},
	address = {New York, NY, USA},
	keywords = {exploratory data analysis, incremental visualizations, large data, online aggregation},
} 

@inproceedings{Wesley,
	author = {Wesley, Richard and Eldridge, Matthew and Terlecki, Pawel T.},
	title = {An Analytic Data Engine for Visualization in Tableau},
	booktitle = {Proceedings of the 2011 ACM SIGMOD International Conference on Management of Data},
	series = {SIGMOD '11},
	year = {2011},
	isbn = {978-1-4503-0661-4},
	location = {Athens, Greece},
	pages = {1185--1194},
	numpages = {10},
	url = {http://doi.acm.org/10.1145/1989323.1989449},
	doi = {10.1145/1989323.1989449},
	acmid = {1989449},
	publisher = {ACM},
	address = {New York, NY, USA},
	keywords = {TDE, column store, data visualization, query optimization, tableau data engine},
} 


@book{Thomas2005,
	author = {Thomas, J J and Cook, K A},
	booktitle = {IEEE Computer Society},
	editor = {Thomas, James J and Cook, Kristin A},
	institution = {Pacific Northwest National Laboratory (PNNL), Richland, WA (US)},
	issn = {1664302X},
	number = {2},
	pages = {184},
	pmid = {21747779},
	publisher = {IEEE},
	title = {{Illuminating the path: The research and development agenda for visual analytics}},
	volume = {54},
	year = {2005}
}

@inproceedings{Zhang2012,
	author = {Zhang, Leishi and Stoffel, Andreas and Behrisch, Michael and Mittelst\"{a}dt, Sebastian and Schreck, Tobias and Pompl, Ren\'{e} and Weber, Stefan and Last, Holger and Keim, Daniel},
	booktitle = {IEEE Conference on Visual Analytics Science and Technology 2012, VAST 2012 - Proceedings},
	issn = {2325-9442},
	pages = {173--182},
	title = {{Visual analytics for the big data era A comparative review of state-of-the-art commercial systems}},
	year = {2012}
}


@article{stolte2002polaris,
	title={Polaris: A system for query, analysis, and visualization of multidimensional relational databases},
	author={Stolte, Chris and Tang, Diane and Hanrahan, Pat},
	journal={Visualization and Computer Graphics, IEEE Transactions on},
	volume={8},
	number={1},
	pages={52--65},
	year={2002},
	publisher={IEEE}
}

@article{zhao2013interactive,
	title={Interactive exploration of implicit and explicit relations in faceted datasets},
	author={Zhao, Jian and Collins, Christopher and Chevalier, Fanny and Balakrishnan, Ravin},
	journal={Visualization and Computer Graphics, IEEE Transactions on},
	volume={19},
	number={12},
	pages={2080--2089},
	year={2013},
	publisher={IEEE}
}


@article{2013-immens,
	title = {imMens: Real-time Visual Querying of Big Data},
	author = {Zhicheng Liu AND Biye Jiang AND Jeffrey Heer},
	journal = {Computer Graphics Forum (Proc. EuroVis)},
	year = {2013},
	volume = {32},
	issue = {3},
	url = {http://vis.stanford.edu/papers/immens}
}

@inproceedings{Agarwal:2014,
	author = {Agarwal, Sameer and Milner, Henry and Kleiner, Ariel and Talwalkar, Ameet and Jordan, Michael and Madden, Samuel and Mozafari, Barzan and Stoica, Ion},
	title = {Knowing when You'Re Wrong: Building Fast and Reliable Approximate Query Processing Systems},
	booktitle = {Proceedings of the 2014 ACM SIGMOD International Conference on Management of Data},
	series = {SIGMOD '14},
	year = {2014},
	isbn = {978-1-4503-2376-5},
	location = {Snowbird, Utah, USA},
	pages = {481--492},
	numpages = {12},
	url = {http://doi.acm.org/10.1145/2588555.2593667},
	doi = {10.1145/2588555.2593667},
	acmid = {2593667},
	publisher = {ACM},
	address = {New York, NY, USA},
	keywords = {approximate query processing, diagnostics, error estimation},
}

 @article{Fisher2012,
 	author = {Fisher, Danyel and Drucker, Steven M. and K\"{o}nig, A. Christian},
 	issn = {02721716},
 	journal = {IEEE Computer Graphics and Applications},
 	keywords = {box plots,computer graphics,incremental visualization,information visualization,probability distributions},
 	number = {4},
 	pages = {55--62},
 	pmid = {24806633},
 	title = {{Exploratory visualization involving incremental, approximate database queries and uncertainty}},
 	volume = {32},
 	year = {2012}
 }
 
 @inproceedings{im2013visreduce,
 	title={Visreduce: Fast and responsive incremental information visualization of large datasets},
 	author={Im, J-F and Villegas, F{\'e}lix Giguere and McGuffln, MJ},
 	booktitle={Big Data, 2013 IEEE International Conference on},
 	pages={25--32},
 	year={2013},
 	organization={IEEE}
 }
 
 @article{Fekete2013,
 	author = {Fekete, Jean Daniel},
 	issn = {00189162},
 	journal = {Computer},
 	keywords = {hardware infrastructures,software infrastructures,visual analytics,visualization},
 	number = {7},
 	pages = {22--29},
 	title = {{Visual analytics infrastructures: From data management to exploration}},
 	volume = {46},
 	year = {2013}
 }
 
 @inproceedings{Mohammad:2014,
 	author = {Mohammad, Atif and Mcheick, Hamid and Grant, Emanuel},
 	title = {Big Data Architecture Evolution: 2014 and Beyond},
 	booktitle = {Proceedings of the Fourth ACM International Symposium on Development and Analysis of Intelligent Vehicular Networks and Applications},
 	series = {DIVANet '14},
 	year = {2014},
 	isbn = {978-1-4503-3028-2},
 	location = {Montreal, QC, Canada},
 	pages = {139--144},
 	numpages = {6},
 	url = {http://doi.acm.org/10.1145/2656346.2656358},
 	doi = {10.1145/2656346.2656358},
 	acmid = {2656358},
 	publisher = {ACM},
 	address = {New York, NY, USA},
 	keywords = {big data, cloud computing},
 } 
 
 @article{morton2014support,
 	title={Support the data enthusiast: Challenges for next-generation data-analysis systems},
 	author={Morton, Kristi and Balazinska, Magdalena and Grossman, Dan and Mackinlay, Jock},
 	journal={Proceedings of the VLDB Endowment},
 	volume={7},
 	number={6},
 	year={2014}
 }
 
 @inproceedings{Fekete:2002,
 	author = {Fekete, Jean-Daniel and Plaisant, Catherine},
 	title = {Interactive Information Visualization of a Million Items},
 	booktitle = {Proceedings of the IEEE Symposium on Information Visualization (InfoVis'02)},
 	series = {INFOVIS '02},
 	year = {2002},
 	isbn = {0-7695-1751-X},
 	pages = {117--},
 	url = {http://dl.acm.org/citation.cfm?id=857191.857732},
 	acmid = {857732},
 	publisher = {IEEE Computer Society},
 	address = {Washington, DC, USA},
 }
 
 @article{zinsmaier,
 	title={Interactive level-of-detail rendering of large graphs},
 	author={Zinsmaier, Michael and Brandes, Ulrik and Deussen, Oliver and Strobelt, Hendrik},
 	journal={Visualization and Computer Graphics, IEEE Transactions on},
 	volume={18},
 	number={12},
 	pages={2486--2495},
 	year={2012},
 	publisher={IEEE}
 }
 
@article{Kallman:2008,
	author = {Kallman, Robert and Kimura, Hideaki and Natkins, Jonathan and Pavlo, Andrew and Rasin, Alexander and Zdonik, Stanley and Jones, Evan P. C. and Madden, Samuel and Stonebraker, Michael and Zhang, Yang and Hugg, John and Abadi, Daniel J.},
	title = {H-store: A High-performance, Distributed Main Memory Transaction Processing System},
	journal = {Proc. VLDB Endow.},
	issue_date = {August 2008},
	volume = {1},
	number = {2},
	month = aug,
	year = {2008},
	issn = {2150-8097},
	pages = {1496--1499},
	numpages = {4},
	url = {http://dx.doi.org/10.14778/1454159.1454211},
	doi = {10.14778/1454159.1454211},
	acmid = {1454211},
	publisher = {VLDB Endowment},
}  
 
 @article{chen2014visual,
 	title={Visual Abstraction and Exploration of Multi-class Scatterplots},
 	author={Chen, Haidong and Chen, Wei and Mei, Honghui and Liu, Zhiqi and Zhou, Kun and Chen, Weifeng and Gu, Wentao and Ma, Kwan-Liu},
 	journal = {IEEE Transactions on Visualization \& Computer Graphics},
 	volume = {20},
 	number = {12},
 	year={2014},
 	publisher={IEEE}
 }
 
 
 @ARTICLE{Keim96pixel,
 	author = {Daniel A. Keim},
 	title = {Pixel-oriented Visualization Techniques for Exploring Very Large Databases},
 	journal = {Journal of Computational and Graphical Statistics},
 	year = {1996},
 	volume = {5},
 	pages = {58--77}
 }
 
@misc{Stolper2014,
	author = {Stolper, C and Perer, A and Gotz, D},
	booktitle = {Visualization and Computer Graphics, IEEE Transactions on},
	issn = {10772626},
	number = {99},
	pages = {1},
	title = {{Progressive Visual Analytics: User-Driven Visual Exploration of In-Progress Analytics}},
	volume = {PP},
	year = {2014}
}

@inproceedings{battle2013dynamic,
	title={Dynamic reduction of query result sets for interactive visualizaton},
	author={Battle, Leilani and Stonebraker, Michael and Chang, Remco},
	booktitle={Big Data, 2013 IEEE International Conference on},
	pages={1--8},
	year={2013},
	organization={IEEE}
}

@article{weaver2010cross,
	title={Cross-filtered views for multidimensional visual analysis},
	author={Weaver, Chris},
	journal={Visualization and Computer Graphics, IEEE Transactions on},
	volume={16},
	number={2},
	pages={192--204},
	year={2010},
	publisher={IEEE}
}
 
@article{Ellis2007,
	author = {Ellis, Geoffrey and Dix, Alan},
	journal = {IEEE Transactions on Visualization and Computer Graphics},
	keywords = {Clutter reduction,Information visualisation,Large datasets,Occlusion,Taxonomy},
	number = {6},
	pages = {1216--1223},
	title = {{A taxonomy of clutter reduction for information visualisation}},
	volume = {13},
	year = {2007}
}
 

@manual{kitware2003,
  title = {The Visualization Toolkit User's Guide},
  organization = {Kitware, Inc.},
  year = {2003},
  month = {January}
}

@misc{notes2002,
  author = {Georges Grinstein and Daniel Keim and Matthew Ward},
  title = {Information Visualization, Visual Data Mining, and Its Application to Drug Design},
  howpublished = {IEEE Visualization 2002 Course \#1 Notes},
  month = {October},
  year = {2002}
}

 